<?xml version="1.0" encoding="UTF-8"?><collection xmlns="http://www.loc.gov/MARC21/slim"><record><leader>00458nam--2200181-i-4500</leader><controlfield tag="001">000005421</controlfield><controlfield tag="002">20161230</controlfield><controlfield tag="005">20161230201026</controlfield><controlfield tag="008">060222s1000------------r-----000-0-eng-d</controlfield><datafield ind1=" " ind2=" " tag="040"><subfield code="a">IFIN-HH</subfield></datafield><datafield ind1=" " ind2=" " tag="080"><subfield code="a">533.9</subfield></datafield><datafield ind1="1" ind2=" " tag="100"><subfield code="a">Curry, D</subfield></datafield><datafield ind1="1" ind2="0" tag="245"><subfield code="a">The challenge of fusion</subfield><subfield code="c">D. newman, b.r. newman</subfield></datafield><datafield ind1=" " ind2=" " tag="260"><subfield code="a">New York, D.Van Nostrand Co.Inc., 1960</subfield></datafield><datafield ind1=" " ind2=" " tag="300"><subfield code="a">XI+192P</subfield></datafield><datafield ind1="1" ind2=" " tag="700"><subfield code="a">Newman, B.R</subfield></datafield><datafield ind1=" " ind2=" " tag="852"><subfield code="a">16038</subfield><subfield code="c">533.9</subfield></datafield><datafield ind1=" " ind2=" " tag="CAT"><subfield code="a">Sys</subfield><subfield code="c">20100921</subfield><subfield code="h">142539</subfield></datafield></record></collection>